@misc{CRFsuite,
	author = {Naoaki Okazaki},
	title = {CRFsuite: a fast implementation of Conditional Random Fields (CRFs)},
	url = {http://www.chokkan.org/software/crfsuite/},
	year = {2007}
}
